%YAML 1.1
%TAG !u! tag:unity3d.com,2011:
--- !u!1 &428768760537037861
GameObject:
  m_ObjectHideFlags: 0
  m_CorrespondingSourceObject: {fileID: 0}
  m_PrefabInstance: {fileID: 0}
  m_PrefabAsset: {fileID: 0}
  serializedVersion: 6
  m_Component:
  - component: {fileID: 1584398856261047250}
  m_Layer: 0
  m_Name: Cannon_Muzzle_001
  m_TagString: Untagged
  m_Icon: {fileID: 0}
  m_NavMeshLayer: 0
  m_StaticEditorFlags: 0
  m_IsActive: 1
--- !u!4 &1584398856261047250
Transform:
  m_ObjectHideFlags: 0
  m_CorrespondingSourceObject: {fileID: 0}
  m_PrefabInstance: {fileID: 0}
  m_PrefabAsset: {fileID: 0}
  m_GameObject: {fileID: 428768760537037861}
  m_LocalRotation: {x: -0, y: -0, z: -0, w: 1}
  m_LocalPosition: {x: -0.06000042, y: 1.1511943, z: 0.5843195}
  m_LocalScale: {x: 1, y: 1, z: 1}
  m_Children: []
  m_Father: {fileID: 7106109524791007678}
  m_RootOrder: 4
  m_LocalEulerAnglesHint: {x: 0, y: 0, z: 0}
--- !u!1 &1513298622630545080
GameObject:
  m_ObjectHideFlags: 0
  m_CorrespondingSourceObject: {fileID: 0}
  m_PrefabInstance: {fileID: 0}
  m_PrefabAsset: {fileID: 0}
  serializedVersion: 6
  m_Component:
  - component: {fileID: 3423774263342571092}
  m_Layer: 0
  m_Name: Cannon_Muzzle_008
  m_TagString: Untagged
  m_Icon: {fileID: 0}
  m_NavMeshLayer: 0
  m_StaticEditorFlags: 0
  m_IsActive: 1
--- !u!4 &3423774263342571092
Transform:
  m_ObjectHideFlags: 0
  m_CorrespondingSourceObject: {fileID: 0}
  m_PrefabInstance: {fileID: 0}
  m_PrefabAsset: {fileID: 0}
  m_GameObject: {fileID: 1513298622630545080}
  m_LocalRotation: {x: -0.00000008940697, y: -0.7071065, z: -0.000000029802322, w: 0.70710707}
  m_LocalPosition: {x: -0.5843191, y: 1.1511945, z: 0.06999995}
  m_LocalScale: {x: 1, y: 1, z: 1}
  m_Children: []
  m_Father: {fileID: 7106109524791007678}
  m_RootOrder: 11
  m_LocalEulerAnglesHint: {x: 0, y: 0, z: 0}
--- !u!1 &2537268846942338386
GameObject:
  m_ObjectHideFlags: 0
  m_CorrespondingSourceObject: {fileID: 0}
  m_PrefabInstance: {fileID: 0}
  m_PrefabAsset: {fileID: 0}
  serializedVersion: 6
  m_Component:
  - component: {fileID: 1544006014582345537}
  - component: {fileID: 8928221933668655675}
  - component: {fileID: 4713294572288719153}
  - component: {fileID: 2996791557012431804}
  - component: {fileID: 5259502477343142711}
  - component: {fileID: 8063180085751269480}
  m_Layer: 14
  m_Name: FireTower
  m_TagString: FireTower
  m_Icon: {fileID: 0}
  m_NavMeshLayer: 0
  m_StaticEditorFlags: 0
  m_IsActive: 1
--- !u!4 &1544006014582345537
Transform:
  m_ObjectHideFlags: 0
  m_CorrespondingSourceObject: {fileID: 0}
  m_PrefabInstance: {fileID: 0}
  m_PrefabAsset: {fileID: 0}
  m_GameObject: {fileID: 2537268846942338386}
  m_LocalRotation: {x: 0, y: 0, z: 0, w: 1}
  m_LocalPosition: {x: 0, y: 0, z: 0}
  m_LocalScale: {x: 2, y: 2, z: 2}
  m_Children:
  - {fileID: 5780779217973325070}
  - {fileID: 7106109524791007678}
  - {fileID: 5519936015901692462}
  m_Father: {fileID: 0}
  m_RootOrder: 0
  m_LocalEulerAnglesHint: {x: 0, y: 0, z: 0}
--- !u!95 &8928221933668655675
Animator:
  serializedVersion: 3
  m_ObjectHideFlags: 0
  m_CorrespondingSourceObject: {fileID: 0}
  m_PrefabInstance: {fileID: 0}
  m_PrefabAsset: {fileID: 0}
  m_GameObject: {fileID: 2537268846942338386}
  m_Enabled: 1
  m_Avatar: {fileID: 9000000, guid: dde95bc48f5aa0247914a373e742c515, type: 3}
  m_Controller: {fileID: 0}
  m_CullingMode: 1
  m_UpdateMode: 0
  m_ApplyRootMotion: 0
  m_LinearVelocityBlending: 0
  m_WarningMessage: 
  m_HasTransformHierarchy: 0
  m_AllowConstantClipSamplingOptimization: 1
  m_KeepAnimatorControllerStateOnDisable: 0
--- !u!65 &4713294572288719153
BoxCollider:
  m_ObjectHideFlags: 0
  m_CorrespondingSourceObject: {fileID: 0}
  m_PrefabInstance: {fileID: 0}
  m_PrefabAsset: {fileID: 0}
  m_GameObject: {fileID: 2537268846942338386}
  m_Material: {fileID: 0}
  m_IsTrigger: 1
  m_Enabled: 1
  serializedVersion: 2
  m_Size: {x: 1.1, y: 1, z: 1.1}
  m_Center: {x: 0, y: 0.45, z: 0}
--- !u!114 &2996791557012431804
MonoBehaviour:
  m_ObjectHideFlags: 0
  m_CorrespondingSourceObject: {fileID: 0}
  m_PrefabInstance: {fileID: 0}
  m_PrefabAsset: {fileID: 0}
  m_GameObject: {fileID: 2537268846942338386}
  m_Enabled: 1
  m_EditorHideFlags: 0
  m_Script: {fileID: 11500000, guid: 0aebfca7790d30b49a0b8e6f69274b47, type: 3}
  m_Name: 
  m_EditorClassIdentifier: 
  _triggerBox: {fileID: 4713294572288719153}
  _fallBox: {fileID: 5259502477343142711}
  _particleSystem: {fileID: 5516794282280336760}
--- !u!65 &5259502477343142711
BoxCollider:
  m_ObjectHideFlags: 0
  m_CorrespondingSourceObject: {fileID: 0}
  m_PrefabInstance: {fileID: 0}
  m_PrefabAsset: {fileID: 0}
  m_GameObject: {fileID: 2537268846942338386}
  m_Material: {fileID: 0}
  m_IsTrigger: 0
  m_Enabled: 1
  serializedVersion: 2
  m_Size: {x: 0.2, y: 1, z: 0.2}
  m_Center: {x: 0, y: 0.45, z: 0}
--- !u!54 &8063180085751269480
Rigidbody:
  m_ObjectHideFlags: 0
  m_CorrespondingSourceObject: {fileID: 0}
  m_PrefabInstance: {fileID: 0}
  m_PrefabAsset: {fileID: 0}
  m_GameObject: {fileID: 2537268846942338386}
  serializedVersion: 2
  m_Mass: 1
  m_Drag: 0
  m_AngularDrag: 0.05
  m_UseGravity: 1
  m_IsKinematic: 0
  m_Interpolate: 0
  m_Constraints: 122
  m_CollisionDetection: 0
--- !u!1 &2921561864258886950
GameObject:
  m_ObjectHideFlags: 0
  m_CorrespondingSourceObject: {fileID: 0}
  m_PrefabInstance: {fileID: 0}
  m_PrefabAsset: {fileID: 0}
  serializedVersion: 6
  m_Component:
  - component: {fileID: 8432875090321303561}
  m_Layer: 0
  m_Name: Cannon_Muzzle_004
  m_TagString: Untagged
  m_Icon: {fileID: 0}
  m_NavMeshLayer: 0
  m_StaticEditorFlags: 0
  m_IsActive: 1
--- !u!4 &8432875090321303561
Transform:
  m_ObjectHideFlags: 0
  m_CorrespondingSourceObject: {fileID: 0}
  m_PrefabInstance: {fileID: 0}
  m_PrefabAsset: {fileID: 0}
  m_GameObject: {fileID: 2921561864258886950}
  m_LocalRotation: {x: -0.00000008940697, y: 0.7071067, z: 0.000000059604645, w: 0.7071068}
  m_LocalPosition: {x: 0.5843191, y: 1.1511945, z: -0.06999971}
  m_LocalScale: {x: 1, y: 1, z: 1}
  m_Children: []
  m_Father: {fileID: 7106109524791007678}
  m_RootOrder: 7
  m_LocalEulerAnglesHint: {x: 0, y: 0, z: 0}
--- !u!1 &3490613245497017362
GameObject:
  m_ObjectHideFlags: 0
  m_CorrespondingSourceObject: {fileID: 0}
  m_PrefabInstance: {fileID: 0}
  m_PrefabAsset: {fileID: 0}
  serializedVersion: 6
  m_Component:
  - component: {fileID: 2387599188878384093}
  m_Layer: 0
  m_Name: Cannon_Muzzle_007
  m_TagString: Untagged
  m_Icon: {fileID: 0}
  m_NavMeshLayer: 0
  m_StaticEditorFlags: 0
  m_IsActive: 1
--- !u!4 &2387599188878384093
Transform:
  m_ObjectHideFlags: 0
  m_CorrespondingSourceObject: {fileID: 0}
  m_PrefabInstance: {fileID: 0}
  m_PrefabAsset: {fileID: 0}
  m_GameObject: {fileID: 3490613245497017362}
  m_LocalRotation: {x: -0.00000008940697, y: -0.7071065, z: -0.000000029802322, w: 0.70710707}
  m_LocalPosition: {x: -0.5843191, y: 1.1511945, z: -0.059999958}
  m_LocalScale: {x: 1, y: 1, z: 1}
  m_Children: []
  m_Father: {fileID: 7106109524791007678}
  m_RootOrder: 10
  m_LocalEulerAnglesHint: {x: 0, y: 0, z: 0}
--- !u!1 &3564054267885358304
GameObject:
  m_ObjectHideFlags: 0
  m_CorrespondingSourceObject: {fileID: 0}
  m_PrefabInstance: {fileID: 0}
  m_PrefabAsset: {fileID: 0}
  serializedVersion: 6
  m_Component:
  - component: {fileID: 7106109524791007678}
  - component: {fileID: 663001467241262706}
  - component: {fileID: 7096376406997899669}
  - component: {fileID: 6498774735966439214}
  - component: {fileID: 7006943379325499541}
  - component: {fileID: 698603077946238575}
  m_Layer: 0
  m_Name: Prop_FireTower
  m_TagString: FireTower
  m_Icon: {fileID: 0}
  m_NavMeshLayer: 0
  m_StaticEditorFlags: 0
  m_IsActive: 1
--- !u!4 &7106109524791007678
Transform:
  m_ObjectHideFlags: 0
  m_CorrespondingSourceObject: {fileID: 0}
  m_PrefabInstance: {fileID: 0}
  m_PrefabAsset: {fileID: 0}
  m_GameObject: {fileID: 3564054267885358304}
  m_LocalRotation: {x: 0, y: 0, z: 0, w: 1}
  m_LocalPosition: {x: 0, y: 0.85, z: 0}
  m_LocalScale: {x: 1, y: 1, z: 1}
  m_Children:
  - {fileID: 3107264627894578238}
  - {fileID: 3353102908768952002}
  - {fileID: 7494269474848008683}
  - {fileID: 6088194555768711477}
  - {fileID: 1584398856261047250}
  - {fileID: 6207601722495774012}
  - {fileID: 7627383081364797858}
  - {fileID: 8432875090321303561}
  - {fileID: 1440506759920621207}
  - {fileID: 3614765896765314264}
  - {fileID: 2387599188878384093}
  - {fileID: 3423774263342571092}
  m_Father: {fileID: 1544006014582345537}
  m_RootOrder: 1
  m_LocalEulerAnglesHint: {x: 0, y: 0, z: 0}
--- !u!137 &663001467241262706
SkinnedMeshRenderer:
  m_ObjectHideFlags: 0
  m_CorrespondingSourceObject: {fileID: 0}
  m_PrefabInstance: {fileID: 0}
  m_PrefabAsset: {fileID: 0}
  m_GameObject: {fileID: 3564054267885358304}
  m_Enabled: 1
  m_CastShadows: 1
  m_ReceiveShadows: 1
  m_DynamicOccludee: 1
  m_MotionVectors: 1
  m_LightProbeUsage: 1
  m_ReflectionProbeUsage: 1
  m_RenderingLayerMask: 1
  m_RendererPriority: 0
  m_Materials:
  - {fileID: 2100000, guid: 893e97183698ad4438acaba36435457f, type: 2}
  - {fileID: 2100000, guid: 0f900dc69ed2b444b8db6e1eeb1aaa38, type: 2}
  - {fileID: 2100000, guid: 9c97545f7b3fb19408381004467e2e4f, type: 2}
  - {fileID: 2100000, guid: d2f9370a84ae0144c9d8792325085bf1, type: 2}
  - {fileID: 2100000, guid: 0fad8705eb8f43d40b91b6505998a125, type: 2}
  m_StaticBatchInfo:
    firstSubMesh: 0
    subMeshCount: 0
  m_StaticBatchRoot: {fileID: 0}
  m_ProbeAnchor: {fileID: 0}
  m_LightProbeVolumeOverride: {fileID: 0}
  m_ScaleInLightmap: 1
  m_ReceiveGI: 1
  m_PreserveUVs: 0
  m_IgnoreNormalsForChartDetection: 0
  m_ImportantGI: 0
  m_StitchLightmapSeams: 1
  m_SelectedEditorRenderState: 3
  m_MinimumChartSize: 4
  m_AutoUVMaxDistance: 0.5
  m_AutoUVMaxAngle: 89
  m_LightmapParameters: {fileID: 0}
  m_SortingLayerID: 0
  m_SortingLayer: 0
  m_SortingOrder: 0
  serializedVersion: 2
  m_Quality: 0
  m_UpdateWhenOffscreen: 0
  m_SkinnedMotionVectors: 1
  m_Mesh: {fileID: 2269354508178460468, guid: dde95bc48f5aa0247914a373e742c515, type: 3}
  m_Bones: []
  m_BlendShapeWeights: []
  m_RootBone: {fileID: 0}
  m_AABB:
    m_Center: {x: 0, y: 0.5621177, z: 0.000000059604645}
    m_Extent: {x: 0.5903073, y: 1.4623219, z: 0.5903073}
  m_DirtyAABB: 0
--- !u!114 &7096376406997899669
MonoBehaviour:
  m_ObjectHideFlags: 0
  m_CorrespondingSourceObject: {fileID: 0}
  m_PrefabInstance: {fileID: 0}
  m_PrefabAsset: {fileID: 0}
  m_GameObject: {fileID: 3564054267885358304}
  m_Enabled: 1
  m_EditorHideFlags: 0
  m_Script: {fileID: 11500000, guid: 216e2e70547b45245884c94247373c16, type: 3}
  m_Name: 
  m_EditorClassIdentifier: 
  RequiredWood: 3
  RequiredStone: 4
  StoredWood: 0
  StoredStone: 0
  _woodStorageText: {fileID: 5780779217515122142}
  _stoneStorageText: {fileID: 5780779219324785141}
  TowerState: 3
  TowerType: 3
  _shootTimer: 0
  _maxShootTimer: 0
  newBullet: {fileID: 0}
  _towerBarrel: {fileID: 0}
  gravity: 0
--- !u!114 &6498774735966439214
MonoBehaviour:
  m_ObjectHideFlags: 0
  m_CorrespondingSourceObject: {fileID: 0}
  m_PrefabInstance: {fileID: 0}
  m_PrefabAsset: {fileID: 0}
  m_GameObject: {fileID: 3564054267885358304}
  m_Enabled: 1
  m_EditorHideFlags: 0
  m_Script: {fileID: 11500000, guid: 628fe59194dffd944ae7c6ffc71d3b0f, type: 3}
  m_Name: 
  m_EditorClassIdentifier: 
  _buildingBehaviour: {fileID: 7096376406997899669}
  _baseRenderer: {fileID: 663001467241262706}
  _turntableRenderer: {fileID: 0}
  _blueprintMaterial: {fileID: 2100000, guid: 5998a28d72ae2a54c88db5f41af845c7, type: 2}
--- !u!135 &7006943379325499541
SphereCollider:
  m_ObjectHideFlags: 0
  m_CorrespondingSourceObject: {fileID: 0}
  m_PrefabInstance: {fileID: 0}
  m_PrefabAsset: {fileID: 0}
  m_GameObject: {fileID: 3564054267885358304}
  m_Material: {fileID: 0}
  m_IsTrigger: 1
  m_Enabled: 1
  serializedVersion: 2
  m_Radius: 1.5
  m_Center: {x: 0, y: 0, z: 0}
--- !u!54 &698603077946238575
Rigidbody:
  m_ObjectHideFlags: 0
  m_CorrespondingSourceObject: {fileID: 0}
  m_PrefabInstance: {fileID: 0}
  m_PrefabAsset: {fileID: 0}
  m_GameObject: {fileID: 3564054267885358304}
  serializedVersion: 2
  m_Mass: 1
  m_Drag: 0
  m_AngularDrag: 0.05
  m_UseGravity: 1
  m_IsKinematic: 1
  m_Interpolate: 0
  m_Constraints: 0
  m_CollisionDetection: 0
--- !u!1 &6031453631024275013
GameObject:
  m_ObjectHideFlags: 0
  m_CorrespondingSourceObject: {fileID: 0}
  m_PrefabInstance: {fileID: 0}
  m_PrefabAsset: {fileID: 0}
  serializedVersion: 6
  m_Component:
  - component: {fileID: 6207601722495774012}
  m_Layer: 0
  m_Name: Cannon_Muzzle_002
  m_TagString: Untagged
  m_Icon: {fileID: 0}
  m_NavMeshLayer: 0
  m_StaticEditorFlags: 0
  m_IsActive: 1
--- !u!4 &6207601722495774012
Transform:
  m_ObjectHideFlags: 0
  m_CorrespondingSourceObject: {fileID: 0}
  m_PrefabInstance: {fileID: 0}
  m_PrefabAsset: {fileID: 0}
  m_GameObject: {fileID: 6031453631024275013}
  m_LocalRotation: {x: -0, y: -0, z: -0, w: 1}
  m_LocalPosition: {x: 0.069999695, y: 1.1511943, z: 0.5843195}
  m_LocalScale: {x: 1, y: 1, z: 1}
  m_Children: []
  m_Father: {fileID: 7106109524791007678}
  m_RootOrder: 5
  m_LocalEulerAnglesHint: {x: 0, y: 0, z: 0}
--- !u!1 &6778667351102649902
GameObject:
  m_ObjectHideFlags: 0
  m_CorrespondingSourceObject: {fileID: 0}
  m_PrefabInstance: {fileID: 0}
  m_PrefabAsset: {fileID: 0}
  serializedVersion: 6
  m_Component:
  - component: {fileID: 1440506759920621207}
  m_Layer: 0
  m_Name: Cannon_Muzzle_005
  m_TagString: Untagged
  m_Icon: {fileID: 0}
  m_NavMeshLayer: 0
  m_StaticEditorFlags: 0
  m_IsActive: 1
--- !u!4 &1440506759920621207
Transform:
  m_ObjectHideFlags: 0
  m_CorrespondingSourceObject: {fileID: 0}
  m_PrefabInstance: {fileID: 0}
  m_PrefabAsset: {fileID: 0}
  m_GameObject: {fileID: 6778667351102649902}
  m_LocalRotation: {x: -0.000000067179435, y: 1, z: 0.00000014901163, w: 0.0000001947072}
  m_LocalPosition: {x: 0.06000042, y: 1.1511946, z: -0.5843193}
  m_LocalScale: {x: 1, y: 1, z: 1}
  m_Children: []
  m_Father: {fileID: 7106109524791007678}
  m_RootOrder: 8
  m_LocalEulerAnglesHint: {x: 0, y: 0, z: 0}
--- !u!1 &8023333058794392435
GameObject:
  m_ObjectHideFlags: 0
  m_CorrespondingSourceObject: {fileID: 0}
  m_PrefabInstance: {fileID: 0}
  m_PrefabAsset: {fileID: 0}
  serializedVersion: 6
  m_Component:
  - component: {fileID: 3614765896765314264}
  m_Layer: 0
  m_Name: Cannon_Muzzle_006
  m_TagString: Untagged
  m_Icon: {fileID: 0}
  m_NavMeshLayer: 0
  m_StaticEditorFlags: 0
  m_IsActive: 1
--- !u!4 &3614765896765314264
Transform:
  m_ObjectHideFlags: 0
  m_CorrespondingSourceObject: {fileID: 0}
  m_PrefabInstance: {fileID: 0}
  m_PrefabAsset: {fileID: 0}
  m_GameObject: {fileID: 8023333058794392435}
  m_LocalRotation: {x: -0.000000067179435, y: 1, z: 0.00000014901163, w: 0.0000001947072}
  m_LocalPosition: {x: -0.069999695, y: 1.1511946, z: -0.5843193}
  m_LocalScale: {x: 1, y: 1, z: 1}
  m_Children: []
  m_Father: {fileID: 7106109524791007678}
  m_RootOrder: 9
  m_LocalEulerAnglesHint: {x: 0, y: 0, z: 0}
--- !u!1 &8604079786509832513
GameObject:
  m_ObjectHideFlags: 0
  m_CorrespondingSourceObject: {fileID: 0}
  m_PrefabInstance: {fileID: 0}
  m_PrefabAsset: {fileID: 0}
  serializedVersion: 6
  m_Component:
  - component: {fileID: 7627383081364797858}
  m_Layer: 0
  m_Name: Cannon_Muzzle_003
  m_TagString: Untagged
  m_Icon: {fileID: 0}
  m_NavMeshLayer: 0
  m_StaticEditorFlags: 0
  m_IsActive: 1
--- !u!4 &7627383081364797858
Transform:
  m_ObjectHideFlags: 0
  m_CorrespondingSourceObject: {fileID: 0}
  m_PrefabInstance: {fileID: 0}
  m_PrefabAsset: {fileID: 0}
  m_GameObject: {fileID: 8604079786509832513}
  m_LocalRotation: {x: -0.00000008940697, y: 0.7071067, z: 0.000000059604645, w: 0.7071068}
  m_LocalPosition: {x: 0.5843191, y: 1.1511945, z: 0.060000196}
  m_LocalScale: {x: 1, y: 1, z: 1}
  m_Children: []
  m_Father: {fileID: 7106109524791007678}
  m_RootOrder: 6
  m_LocalEulerAnglesHint: {x: 0, y: 0, z: 0}
--- !u!1001 &3103023679037142244
PrefabInstance:
  m_ObjectHideFlags: 0
  serializedVersion: 2
  m_Modification:
    m_TransformParent: {fileID: 7106109524791007678}
    m_Modifications:
    - target: {fileID: 1632659334546840, guid: bbd1860d44f6c7546aad605f3666475f, type: 3}
      propertyPath: m_Name
      value: FireArea (3)
      objectReference: {fileID: 0}
    - target: {fileID: 1632659334546840, guid: bbd1860d44f6c7546aad605f3666475f, type: 3}
      propertyPath: m_IsActive
      value: 0
      objectReference: {fileID: 0}
    - target: {fileID: 4256412018972890, guid: bbd1860d44f6c7546aad605f3666475f, type: 3}
      propertyPath: m_LocalPosition.x
      value: -0.5
      objectReference: {fileID: 0}
    - target: {fileID: 4256412018972890, guid: bbd1860d44f6c7546aad605f3666475f, type: 3}
      propertyPath: m_LocalPosition.y
      value: -0.85
      objectReference: {fileID: 0}
    - target: {fileID: 4256412018972890, guid: bbd1860d44f6c7546aad605f3666475f, type: 3}
      propertyPath: m_LocalPosition.z
      value: -0.5
      objectReference: {fileID: 0}
    - target: {fileID: 4256412018972890, guid: bbd1860d44f6c7546aad605f3666475f, type: 3}
      propertyPath: m_LocalRotation.x
      value: -0.5
      objectReference: {fileID: 0}
    - target: {fileID: 4256412018972890, guid: bbd1860d44f6c7546aad605f3666475f, type: 3}
      propertyPath: m_LocalRotation.y
      value: -0.5
      objectReference: {fileID: 0}
    - target: {fileID: 4256412018972890, guid: bbd1860d44f6c7546aad605f3666475f, type: 3}
      propertyPath: m_LocalRotation.z
      value: -0.5
      objectReference: {fileID: 0}
    - target: {fileID: 4256412018972890, guid: bbd1860d44f6c7546aad605f3666475f, type: 3}
      propertyPath: m_LocalRotation.w
      value: 0.5
      objectReference: {fileID: 0}
    - target: {fileID: 4256412018972890, guid: bbd1860d44f6c7546aad605f3666475f, type: 3}
      propertyPath: m_RootOrder
      value: 0
      objectReference: {fileID: 0}
    - target: {fileID: 4256412018972890, guid: bbd1860d44f6c7546aad605f3666475f, type: 3}
      propertyPath: m_LocalEulerAnglesHint.x
      value: 270
      objectReference: {fileID: 0}
    - target: {fileID: 4256412018972890, guid: bbd1860d44f6c7546aad605f3666475f, type: 3}
      propertyPath: m_LocalEulerAnglesHint.y
      value: 270
      objectReference: {fileID: 0}
    - target: {fileID: 4256412018972890, guid: bbd1860d44f6c7546aad605f3666475f, type: 3}
      propertyPath: m_LocalEulerAnglesHint.z
      value: 0
      objectReference: {fileID: 0}
    - target: {fileID: 4256412018972890, guid: bbd1860d44f6c7546aad605f3666475f, type: 3}
      propertyPath: m_LocalScale.y
      value: 0.5
      objectReference: {fileID: 0}
    - target: {fileID: 4256412018972890, guid: bbd1860d44f6c7546aad605f3666475f, type: 3}
      propertyPath: m_LocalScale.z
      value: 0.5
      objectReference: {fileID: 0}
    - target: {fileID: 4256412018972890, guid: bbd1860d44f6c7546aad605f3666475f, type: 3}
      propertyPath: m_LocalScale.x
      value: 0.5
      objectReference: {fileID: 0}
    - target: {fileID: 198137211002769400, guid: bbd1860d44f6c7546aad605f3666475f,
        type: 3}
      propertyPath: playOnAwake
      value: 1
      objectReference: {fileID: 0}
    m_RemovedComponents: []
  m_SourcePrefab: {fileID: 100100000, guid: bbd1860d44f6c7546aad605f3666475f, type: 3}
--- !u!4 &3107264627894578238 stripped
Transform:
  m_CorrespondingSourceObject: {fileID: 4256412018972890, guid: bbd1860d44f6c7546aad605f3666475f,
    type: 3}
  m_PrefabInstance: {fileID: 3103023679037142244}
  m_PrefabAsset: {fileID: 0}
--- !u!1001 &3352791913918367256
PrefabInstance:
  m_ObjectHideFlags: 0
  serializedVersion: 2
  m_Modification:
    m_TransformParent: {fileID: 7106109524791007678}
    m_Modifications:
    - target: {fileID: 1632659334546840, guid: bbd1860d44f6c7546aad605f3666475f, type: 3}
      propertyPath: m_Name
      value: FireArea (2)
      objectReference: {fileID: 0}
    - target: {fileID: 1632659334546840, guid: bbd1860d44f6c7546aad605f3666475f, type: 3}
      propertyPath: m_IsActive
      value: 0
      objectReference: {fileID: 0}
    - target: {fileID: 4256412018972890, guid: bbd1860d44f6c7546aad605f3666475f, type: 3}
      propertyPath: m_LocalPosition.x
      value: -0.5
      objectReference: {fileID: 0}
    - target: {fileID: 4256412018972890, guid: bbd1860d44f6c7546aad605f3666475f, type: 3}
      propertyPath: m_LocalPosition.y
      value: -0.85
      objectReference: {fileID: 0}
    - target: {fileID: 4256412018972890, guid: bbd1860d44f6c7546aad605f3666475f, type: 3}
      propertyPath: m_LocalPosition.z
      value: 0.5
      objectReference: {fileID: 0}
    - target: {fileID: 4256412018972890, guid: bbd1860d44f6c7546aad605f3666475f, type: 3}
      propertyPath: m_LocalRotation.x
      value: -0.5
      objectReference: {fileID: 0}
    - target: {fileID: 4256412018972890, guid: bbd1860d44f6c7546aad605f3666475f, type: 3}
      propertyPath: m_LocalRotation.y
      value: -0.5
      objectReference: {fileID: 0}
    - target: {fileID: 4256412018972890, guid: bbd1860d44f6c7546aad605f3666475f, type: 3}
      propertyPath: m_LocalRotation.z
      value: -0.5
      objectReference: {fileID: 0}
    - target: {fileID: 4256412018972890, guid: bbd1860d44f6c7546aad605f3666475f, type: 3}
      propertyPath: m_LocalRotation.w
      value: 0.5
      objectReference: {fileID: 0}
    - target: {fileID: 4256412018972890, guid: bbd1860d44f6c7546aad605f3666475f, type: 3}
      propertyPath: m_RootOrder
      value: 1
      objectReference: {fileID: 0}
    - target: {fileID: 4256412018972890, guid: bbd1860d44f6c7546aad605f3666475f, type: 3}
      propertyPath: m_LocalEulerAnglesHint.x
      value: 270
      objectReference: {fileID: 0}
    - target: {fileID: 4256412018972890, guid: bbd1860d44f6c7546aad605f3666475f, type: 3}
      propertyPath: m_LocalEulerAnglesHint.y
      value: 270
      objectReference: {fileID: 0}
    - target: {fileID: 4256412018972890, guid: bbd1860d44f6c7546aad605f3666475f, type: 3}
      propertyPath: m_LocalEulerAnglesHint.z
      value: 0
      objectReference: {fileID: 0}
    - target: {fileID: 4256412018972890, guid: bbd1860d44f6c7546aad605f3666475f, type: 3}
      propertyPath: m_LocalScale.y
      value: 0.5
      objectReference: {fileID: 0}
    - target: {fileID: 4256412018972890, guid: bbd1860d44f6c7546aad605f3666475f, type: 3}
      propertyPath: m_LocalScale.z
      value: 0.5
      objectReference: {fileID: 0}
    - target: {fileID: 4256412018972890, guid: bbd1860d44f6c7546aad605f3666475f, type: 3}
      propertyPath: m_LocalScale.x
      value: 0.5
      objectReference: {fileID: 0}
    - target: {fileID: 198137211002769400, guid: bbd1860d44f6c7546aad605f3666475f,
        type: 3}
      propertyPath: playOnAwake
      value: 1
      objectReference: {fileID: 0}
    m_RemovedComponents: []
  m_SourcePrefab: {fileID: 100100000, guid: bbd1860d44f6c7546aad605f3666475f, type: 3}
--- !u!4 &3353102908768952002 stripped
Transform:
  m_CorrespondingSourceObject: {fileID: 4256412018972890, guid: bbd1860d44f6c7546aad605f3666475f,
    type: 3}
  m_PrefabInstance: {fileID: 3352791913918367256}
  m_PrefabAsset: {fileID: 0}
--- !u!1001 &4788685951842816397
PrefabInstance:
  m_ObjectHideFlags: 0
  serializedVersion: 2
  m_Modification:
    m_TransformParent: {fileID: 1544006014582345537}
    m_Modifications:
    - target: {fileID: 1318886816026999964, guid: baadc435d939e344eba3415c2cbd1abe,
        type: 3}
      propertyPath: m_Name
      value: TowerUICanvas
      objectReference: {fileID: 0}
    - target: {fileID: 1318886816026999939, guid: baadc435d939e344eba3415c2cbd1abe,
        type: 3}
      propertyPath: m_LocalPosition.x
      value: 0
      objectReference: {fileID: 0}
    - target: {fileID: 1318886816026999939, guid: baadc435d939e344eba3415c2cbd1abe,
        type: 3}
      propertyPath: m_LocalPosition.y
      value: 0
      objectReference: {fileID: 0}
    - target: {fileID: 1318886816026999939, guid: baadc435d939e344eba3415c2cbd1abe,
        type: 3}
      propertyPath: m_LocalPosition.z
      value: 0
      objectReference: {fileID: 0}
    - target: {fileID: 1318886816026999939, guid: baadc435d939e344eba3415c2cbd1abe,
        type: 3}
      propertyPath: m_LocalRotation.x
      value: -0
      objectReference: {fileID: 0}
    - target: {fileID: 1318886816026999939, guid: baadc435d939e344eba3415c2cbd1abe,
        type: 3}
      propertyPath: m_LocalRotation.y
      value: -0
      objectReference: {fileID: 0}
    - target: {fileID: 1318886816026999939, guid: baadc435d939e344eba3415c2cbd1abe,
        type: 3}
      propertyPath: m_LocalRotation.z
      value: -0
      objectReference: {fileID: 0}
    - target: {fileID: 1318886816026999939, guid: baadc435d939e344eba3415c2cbd1abe,
        type: 3}
      propertyPath: m_LocalRotation.w
      value: 1
      objectReference: {fileID: 0}
    - target: {fileID: 1318886816026999939, guid: baadc435d939e344eba3415c2cbd1abe,
        type: 3}
      propertyPath: m_RootOrder
      value: 0
      objectReference: {fileID: 0}
    - target: {fileID: 1318886816026999939, guid: baadc435d939e344eba3415c2cbd1abe,
        type: 3}
      propertyPath: m_LocalEulerAnglesHint.x
      value: 0
      objectReference: {fileID: 0}
    - target: {fileID: 1318886816026999939, guid: baadc435d939e344eba3415c2cbd1abe,
        type: 3}
      propertyPath: m_LocalEulerAnglesHint.y
      value: 0
      objectReference: {fileID: 0}
    - target: {fileID: 1318886816026999939, guid: baadc435d939e344eba3415c2cbd1abe,
        type: 3}
      propertyPath: m_LocalEulerAnglesHint.z
      value: 0
      objectReference: {fileID: 0}
    - target: {fileID: 1318886816026999939, guid: baadc435d939e344eba3415c2cbd1abe,
        type: 3}
      propertyPath: m_AnchoredPosition.x
      value: 0
      objectReference: {fileID: 0}
    - target: {fileID: 1318886816026999939, guid: baadc435d939e344eba3415c2cbd1abe,
        type: 3}
      propertyPath: m_AnchoredPosition.y
      value: 3.717
      objectReference: {fileID: 0}
    - target: {fileID: 1318886816026999939, guid: baadc435d939e344eba3415c2cbd1abe,
        type: 3}
      propertyPath: m_SizeDelta.x
      value: 1.5
      objectReference: {fileID: 0}
    - target: {fileID: 1318886816026999939, guid: baadc435d939e344eba3415c2cbd1abe,
        type: 3}
      propertyPath: m_SizeDelta.y
      value: 1.8
      objectReference: {fileID: 0}
    - target: {fileID: 1318886816026999939, guid: baadc435d939e344eba3415c2cbd1abe,
        type: 3}
      propertyPath: m_AnchorMin.x
      value: 0
      objectReference: {fileID: 0}
    - target: {fileID: 1318886816026999939, guid: baadc435d939e344eba3415c2cbd1abe,
        type: 3}
      propertyPath: m_AnchorMin.y
      value: 0
      objectReference: {fileID: 0}
    - target: {fileID: 1318886816026999939, guid: baadc435d939e344eba3415c2cbd1abe,
        type: 3}
      propertyPath: m_AnchorMax.x
      value: 0
      objectReference: {fileID: 0}
    - target: {fileID: 1318886816026999939, guid: baadc435d939e344eba3415c2cbd1abe,
        type: 3}
      propertyPath: m_AnchorMax.y
      value: 0
      objectReference: {fileID: 0}
    - target: {fileID: 1318886816026999939, guid: baadc435d939e344eba3415c2cbd1abe,
        type: 3}
      propertyPath: m_Pivot.x
      value: 0.5
      objectReference: {fileID: 0}
    - target: {fileID: 1318886816026999939, guid: baadc435d939e344eba3415c2cbd1abe,
        type: 3}
      propertyPath: m_Pivot.y
      value: 0.5
      objectReference: {fileID: 0}
    - target: {fileID: 1318886816502094931, guid: baadc435d939e344eba3415c2cbd1abe,
        type: 3}
      propertyPath: m_textInfo.characterCount
      value: 3
      objectReference: {fileID: 0}
    - target: {fileID: 1318886816502094931, guid: baadc435d939e344eba3415c2cbd1abe,
        type: 3}
      propertyPath: m_textInfo.spaceCount
      value: 1
      objectReference: {fileID: 0}
    - target: {fileID: 1318886816502094931, guid: baadc435d939e344eba3415c2cbd1abe,
        type: 3}
      propertyPath: m_textInfo.wordCount
      value: 1
      objectReference: {fileID: 0}
    - target: {fileID: 1318886816502094931, guid: baadc435d939e344eba3415c2cbd1abe,
        type: 3}
      propertyPath: m_textInfo.lineCount
      value: 1
      objectReference: {fileID: 0}
    - target: {fileID: 1318886816502094931, guid: baadc435d939e344eba3415c2cbd1abe,
        type: 3}
      propertyPath: m_textInfo.pageCount
      value: 1
      objectReference: {fileID: 0}
    - target: {fileID: 1318886816502094931, guid: baadc435d939e344eba3415c2cbd1abe,
        type: 3}
      propertyPath: m_sharedMaterial
      value: 
      objectReference: {fileID: -3103731845706998461, guid: ec7a2986e3695464980087a0ee1b8aa2,
        type: 2}
    - target: {fileID: 1318886815229198456, guid: baadc435d939e344eba3415c2cbd1abe,
        type: 3}
      propertyPath: m_textInfo.characterCount
      value: 3
      objectReference: {fileID: 0}
    - target: {fileID: 1318886815229198456, guid: baadc435d939e344eba3415c2cbd1abe,
        type: 3}
      propertyPath: m_textInfo.spaceCount
      value: 1
      objectReference: {fileID: 0}
    - target: {fileID: 1318886815229198456, guid: baadc435d939e344eba3415c2cbd1abe,
        type: 3}
      propertyPath: m_textInfo.wordCount
      value: 1
      objectReference: {fileID: 0}
    - target: {fileID: 1318886815229198456, guid: baadc435d939e344eba3415c2cbd1abe,
        type: 3}
      propertyPath: m_textInfo.lineCount
      value: 1
      objectReference: {fileID: 0}
    - target: {fileID: 1318886815229198456, guid: baadc435d939e344eba3415c2cbd1abe,
        type: 3}
      propertyPath: m_textInfo.pageCount
      value: 1
      objectReference: {fileID: 0}
    - target: {fileID: 1318886815229198456, guid: baadc435d939e344eba3415c2cbd1abe,
        type: 3}
      propertyPath: m_sharedMaterial
      value: 
      objectReference: {fileID: -3103731845706998461, guid: ec7a2986e3695464980087a0ee1b8aa2,
        type: 2}
    m_RemovedComponents: []
  m_SourcePrefab: {fileID: 100100000, guid: baadc435d939e344eba3415c2cbd1abe, type: 3}
--- !u!114 &5780779219324785141 stripped
MonoBehaviour:
  m_CorrespondingSourceObject: {fileID: 1318886815229198456, guid: baadc435d939e344eba3415c2cbd1abe,
    type: 3}
  m_PrefabInstance: {fileID: 4788685951842816397}
  m_PrefabAsset: {fileID: 0}
  m_GameObject: {fileID: 0}
  m_Enabled: 1
  m_EditorHideFlags: 0
  m_Script: {fileID: 11500000, guid: f4688fdb7df04437aeb418b961361dc5, type: 3}
  m_Name: 
  m_EditorClassIdentifier: 
--- !u!114 &5780779217515122142 stripped
MonoBehaviour:
  m_CorrespondingSourceObject: {fileID: 1318886816502094931, guid: baadc435d939e344eba3415c2cbd1abe,
    type: 3}
  m_PrefabInstance: {fileID: 4788685951842816397}
  m_PrefabAsset: {fileID: 0}
  m_GameObject: {fileID: 0}
  m_Enabled: 1
  m_EditorHideFlags: 0
  m_Script: {fileID: 11500000, guid: f4688fdb7df04437aeb418b961361dc5, type: 3}
  m_Name: 
  m_EditorClassIdentifier: 
--- !u!224 &5780779217973325070 stripped
RectTransform:
  m_CorrespondingSourceObject: {fileID: 1318886816026999939, guid: baadc435d939e344eba3415c2cbd1abe,
    type: 3}
  m_PrefabInstance: {fileID: 4788685951842816397}
  m_PrefabAsset: {fileID: 0}
--- !u!1001 &5515284210971682166
PrefabInstance:
  m_ObjectHideFlags: 0
  serializedVersion: 2
  m_Modification:
    m_TransformParent: {fileID: 1544006014582345537}
    m_Modifications:
    - target: {fileID: 1599718021928974, guid: 21461e6c060baf044ac3e717ed4170cb, type: 3}
      propertyPath: m_Name
      value: Puff
      objectReference: {fileID: 0}
    - target: {fileID: 1599718021928974, guid: 21461e6c060baf044ac3e717ed4170cb, type: 3}
      propertyPath: m_IsActive
      value: 0
      objectReference: {fileID: 0}
    - target: {fileID: 4777701302679384, guid: 21461e6c060baf044ac3e717ed4170cb, type: 3}
      propertyPath: m_LocalPosition.x
      value: 0
      objectReference: {fileID: 0}
    - target: {fileID: 4777701302679384, guid: 21461e6c060baf044ac3e717ed4170cb, type: 3}
      propertyPath: m_LocalPosition.y
      value: 0.5
      objectReference: {fileID: 0}
    - target: {fileID: 4777701302679384, guid: 21461e6c060baf044ac3e717ed4170cb, type: 3}
      propertyPath: m_LocalPosition.z
      value: 0
      objectReference: {fileID: 0}
    - target: {fileID: 4777701302679384, guid: 21461e6c060baf044ac3e717ed4170cb, type: 3}
      propertyPath: m_LocalRotation.x
      value: 0.7071068
      objectReference: {fileID: 0}
    - target: {fileID: 4777701302679384, guid: 21461e6c060baf044ac3e717ed4170cb, type: 3}
      propertyPath: m_LocalRotation.y
      value: 0
      objectReference: {fileID: 0}
    - target: {fileID: 4777701302679384, guid: 21461e6c060baf044ac3e717ed4170cb, type: 3}
      propertyPath: m_LocalRotation.z
      value: 0
      objectReference: {fileID: 0}
    - target: {fileID: 4777701302679384, guid: 21461e6c060baf044ac3e717ed4170cb, type: 3}
      propertyPath: m_LocalRotation.w
      value: 0.7071068
      objectReference: {fileID: 0}
    - target: {fileID: 4777701302679384, guid: 21461e6c060baf044ac3e717ed4170cb, type: 3}
      propertyPath: m_RootOrder
      value: 2
      objectReference: {fileID: 0}
    - target: {fileID: 4777701302679384, guid: 21461e6c060baf044ac3e717ed4170cb, type: 3}
      propertyPath: m_LocalEulerAnglesHint.x
      value: 0
      objectReference: {fileID: 0}
    - target: {fileID: 4777701302679384, guid: 21461e6c060baf044ac3e717ed4170cb, type: 3}
      propertyPath: m_LocalEulerAnglesHint.y
      value: 0
      objectReference: {fileID: 0}
    - target: {fileID: 4777701302679384, guid: 21461e6c060baf044ac3e717ed4170cb, type: 3}
      propertyPath: m_LocalEulerAnglesHint.z
      value: 0
      objectReference: {fileID: 0}
    m_RemovedComponents: []
  m_SourcePrefab: {fileID: 100100000, guid: 21461e6c060baf044ac3e717ed4170cb, type: 3}
--- !u!4 &5519936015901692462 stripped
Transform:
  m_CorrespondingSourceObject: {fileID: 4777701302679384, guid: 21461e6c060baf044ac3e717ed4170cb,
    type: 3}
  m_PrefabInstance: {fileID: 5515284210971682166}
  m_PrefabAsset: {fileID: 0}
--- !u!1 &5516794282280336760 stripped
GameObject:
  m_CorrespondingSourceObject: {fileID: 1599718021928974, guid: 21461e6c060baf044ac3e717ed4170cb,
    type: 3}
  m_PrefabInstance: {fileID: 5515284210971682166}
  m_PrefabAsset: {fileID: 0}
--- !u!1001 &6085070762138874351
PrefabInstance:
  m_ObjectHideFlags: 0
  serializedVersion: 2
  m_Modification:
    m_TransformParent: {fileID: 7106109524791007678}
    m_Modifications:
    - target: {fileID: 1632659334546840, guid: bbd1860d44f6c7546aad605f3666475f, type: 3}
      propertyPath: m_Name
      value: FireArea
      objectReference: {fileID: 0}
    - target: {fileID: 1632659334546840, guid: bbd1860d44f6c7546aad605f3666475f, type: 3}
      propertyPath: m_IsActive
      value: 0
      objectReference: {fileID: 0}
    - target: {fileID: 4256412018972890, guid: bbd1860d44f6c7546aad605f3666475f, type: 3}
      propertyPath: m_LocalPosition.x
      value: 0.5
      objectReference: {fileID: 0}
    - target: {fileID: 4256412018972890, guid: bbd1860d44f6c7546aad605f3666475f, type: 3}
      propertyPath: m_LocalPosition.y
      value: -0.85
      objectReference: {fileID: 0}
    - target: {fileID: 4256412018972890, guid: bbd1860d44f6c7546aad605f3666475f, type: 3}
      propertyPath: m_LocalPosition.z
      value: 0.5
      objectReference: {fileID: 0}
    - target: {fileID: 4256412018972890, guid: bbd1860d44f6c7546aad605f3666475f, type: 3}
      propertyPath: m_LocalRotation.x
      value: -0.5
      objectReference: {fileID: 0}
    - target: {fileID: 4256412018972890, guid: bbd1860d44f6c7546aad605f3666475f, type: 3}
      propertyPath: m_LocalRotation.y
      value: -0.5
      objectReference: {fileID: 0}
    - target: {fileID: 4256412018972890, guid: bbd1860d44f6c7546aad605f3666475f, type: 3}
      propertyPath: m_LocalRotation.z
      value: -0.5
      objectReference: {fileID: 0}
    - target: {fileID: 4256412018972890, guid: bbd1860d44f6c7546aad605f3666475f, type: 3}
      propertyPath: m_LocalRotation.w
      value: 0.5
      objectReference: {fileID: 0}
    - target: {fileID: 4256412018972890, guid: bbd1860d44f6c7546aad605f3666475f, type: 3}
      propertyPath: m_RootOrder
      value: 3
      objectReference: {fileID: 0}
    - target: {fileID: 4256412018972890, guid: bbd1860d44f6c7546aad605f3666475f, type: 3}
      propertyPath: m_LocalEulerAnglesHint.x
      value: 270
      objectReference: {fileID: 0}
    - target: {fileID: 4256412018972890, guid: bbd1860d44f6c7546aad605f3666475f, type: 3}
      propertyPath: m_LocalEulerAnglesHint.y
      value: 270
      objectReference: {fileID: 0}
    - target: {fileID: 4256412018972890, guid: bbd1860d44f6c7546aad605f3666475f, type: 3}
      propertyPath: m_LocalEulerAnglesHint.z
      value: 0
      objectReference: {fileID: 0}
    - target: {fileID: 4256412018972890, guid: bbd1860d44f6c7546aad605f3666475f, type: 3}
      propertyPath: m_LocalScale.y
      value: 0.5
      objectReference: {fileID: 0}
    - target: {fileID: 4256412018972890, guid: bbd1860d44f6c7546aad605f3666475f, type: 3}
      propertyPath: m_LocalScale.z
      value: 0.5
      objectReference: {fileID: 0}
    - target: {fileID: 4256412018972890, guid: bbd1860d44f6c7546aad605f3666475f, type: 3}
      propertyPath: m_LocalScale.x
      value: 0.5
      objectReference: {fileID: 0}
    - target: {fileID: 198137211002769400, guid: bbd1860d44f6c7546aad605f3666475f,
        type: 3}
      propertyPath: playOnAwake
      value: 1
      objectReference: {fileID: 0}
    m_RemovedComponents: []
  m_SourcePrefab: {fileID: 100100000, guid: bbd1860d44f6c7546aad605f3666475f, type: 3}
--- !u!4 &6088194555768711477 stripped
Transform:
  m_CorrespondingSourceObject: {fileID: 4256412018972890, guid: bbd1860d44f6c7546aad605f3666475f,
    type: 3}
  m_PrefabInstance: {fileID: 6085070762138874351}
  m_PrefabAsset: {fileID: 0}
--- !u!1001 &7498459632624922929
PrefabInstance:
  m_ObjectHideFlags: 0
  serializedVersion: 2
  m_Modification:
    m_TransformParent: {fileID: 7106109524791007678}
    m_Modifications:
    - target: {fileID: 1632659334546840, guid: bbd1860d44f6c7546aad605f3666475f, type: 3}
      propertyPath: m_Name
      value: FireArea (1)
      objectReference: {fileID: 0}
    - target: {fileID: 1632659334546840, guid: bbd1860d44f6c7546aad605f3666475f, type: 3}
      propertyPath: m_IsActive
      value: 0
      objectReference: {fileID: 0}
    - target: {fileID: 4256412018972890, guid: bbd1860d44f6c7546aad605f3666475f, type: 3}
      propertyPath: m_LocalPosition.x
      value: 0.5
      objectReference: {fileID: 0}
    - target: {fileID: 4256412018972890, guid: bbd1860d44f6c7546aad605f3666475f, type: 3}
      propertyPath: m_LocalPosition.y
      value: -0.85
      objectReference: {fileID: 0}
    - target: {fileID: 4256412018972890, guid: bbd1860d44f6c7546aad605f3666475f, type: 3}
      propertyPath: m_LocalPosition.z
      value: -0.5
      objectReference: {fileID: 0}
    - target: {fileID: 4256412018972890, guid: bbd1860d44f6c7546aad605f3666475f, type: 3}
      propertyPath: m_LocalRotation.x
      value: -0.5
      objectReference: {fileID: 0}
    - target: {fileID: 4256412018972890, guid: bbd1860d44f6c7546aad605f3666475f, type: 3}
      propertyPath: m_LocalRotation.y
      value: -0.5
      objectReference: {fileID: 0}
    - target: {fileID: 4256412018972890, guid: bbd1860d44f6c7546aad605f3666475f, type: 3}
      propertyPath: m_LocalRotation.z
      value: -0.5
      objectReference: {fileID: 0}
    - target: {fileID: 4256412018972890, guid: bbd1860d44f6c7546aad605f3666475f, type: 3}
      propertyPath: m_LocalRotation.w
      value: 0.5
      objectReference: {fileID: 0}
    - target: {fileID: 4256412018972890, guid: bbd1860d44f6c7546aad605f3666475f, type: 3}
      propertyPath: m_RootOrder
      value: 2
      objectReference: {fileID: 0}
    - target: {fileID: 4256412018972890, guid: bbd1860d44f6c7546aad605f3666475f, type: 3}
      propertyPath: m_LocalEulerAnglesHint.x
      value: 270
      objectReference: {fileID: 0}
    - target: {fileID: 4256412018972890, guid: bbd1860d44f6c7546aad605f3666475f, type: 3}
      propertyPath: m_LocalEulerAnglesHint.y
      value: 270
      objectReference: {fileID: 0}
    - target: {fileID: 4256412018972890, guid: bbd1860d44f6c7546aad605f3666475f, type: 3}
      propertyPath: m_LocalEulerAnglesHint.z
      value: 0
      objectReference: {fileID: 0}
    - target: {fileID: 4256412018972890, guid: bbd1860d44f6c7546aad605f3666475f, type: 3}
      propertyPath: m_LocalScale.y
      value: 0.5
      objectReference: {fileID: 0}
    - target: {fileID: 4256412018972890, guid: bbd1860d44f6c7546aad605f3666475f, type: 3}
      propertyPath: m_LocalScale.z
      value: 0.5
      objectReference: {fileID: 0}
    - target: {fileID: 4256412018972890, guid: bbd1860d44f6c7546aad605f3666475f, type: 3}
      propertyPath: m_LocalScale.x
      value: 0.5
      objectReference: {fileID: 0}
    - target: {fileID: 198137211002769400, guid: bbd1860d44f6c7546aad605f3666475f,
        type: 3}
      propertyPath: playOnAwake
      value: 1
      objectReference: {fileID: 0}
    m_RemovedComponents: []
  m_SourcePrefab: {fileID: 100100000, guid: bbd1860d44f6c7546aad605f3666475f, type: 3}
--- !u!4 &7494269474848008683 stripped
Transform:
  m_CorrespondingSourceObject: {fileID: 4256412018972890, guid: bbd1860d44f6c7546aad605f3666475f,
    type: 3}
  m_PrefabInstance: {fileID: 7498459632624922929}
  m_PrefabAsset: {fileID: 0}
