%YAML 1.1
%TAG !u! tag:unity3d.com,2011:
--- !u!1 &8469243801814863291
GameObject:
  m_ObjectHideFlags: 0
  m_CorrespondingSourceObject: {fileID: 0}
  m_PrefabInstance: {fileID: 0}
  m_PrefabAsset: {fileID: 0}
  serializedVersion: 6
  m_Component:
  - component: {fileID: 8469243801814863290}
  m_Layer: 0
  m_Name: PickUpObject_Slot
  m_TagString: Untagged
  m_Icon: {fileID: 0}
  m_NavMeshLayer: 0
  m_StaticEditorFlags: 0
  m_IsActive: 1
--- !u!4 &8469243801814863290
Transform:
  m_ObjectHideFlags: 0
  m_CorrespondingSourceObject: {fileID: 0}
  m_PrefabInstance: {fileID: 0}
  m_PrefabAsset: {fileID: 0}
  m_GameObject: {fileID: 8469243801814863291}
  m_LocalRotation: {x: -0, y: -0, z: -0, w: 1}
  m_LocalPosition: {x: 0, y: 2.27, z: 0}
  m_LocalScale: {x: 1, y: 1, z: 1}
  m_Children: []
  m_Father: {fileID: 8469243802032531554}
  m_RootOrder: 0
  m_LocalEulerAnglesHint: {x: 0, y: 0, z: 0}
--- !u!1 &8469243802032531553
GameObject:
  m_ObjectHideFlags: 0
  m_CorrespondingSourceObject: {fileID: 0}
  m_PrefabInstance: {fileID: 0}
  m_PrefabAsset: {fileID: 0}
  serializedVersion: 6
  m_Component:
  - component: {fileID: 8469243802032531554}
  - component: {fileID: 8469243802032531555}
  - component: {fileID: 8403029770569581348}
  - component: {fileID: 123317389}
  - component: {fileID: 1978339652211686670}
  m_Layer: 0
  m_Name: Beanie
  m_TagString: Player
  m_Icon: {fileID: 0}
  m_NavMeshLayer: 0
  m_StaticEditorFlags: 0
  m_IsActive: 1
--- !u!4 &8469243802032531554
Transform:
  m_ObjectHideFlags: 0
  m_CorrespondingSourceObject: {fileID: 0}
  m_PrefabInstance: {fileID: 0}
  m_PrefabAsset: {fileID: 0}
  m_GameObject: {fileID: 8469243802032531553}
  m_LocalRotation: {x: 0, y: 0, z: 0, w: 1}
  m_LocalPosition: {x: 3.7, y: 0, z: 0}
  m_LocalScale: {x: 1, y: 1, z: 1}
  m_Children:
  - {fileID: 8469243801814863290}
  - {fileID: 5389747063543724990}
  m_Father: {fileID: 0}
  m_RootOrder: 0
  m_LocalEulerAnglesHint: {x: 0, y: 0, z: 0}
--- !u!143 &8469243802032531555
CharacterController:
  m_ObjectHideFlags: 0
  m_CorrespondingSourceObject: {fileID: 0}
  m_PrefabInstance: {fileID: 0}
  m_PrefabAsset: {fileID: 0}
  m_GameObject: {fileID: 8469243802032531553}
  m_Material: {fileID: 0}
  m_IsTrigger: 0
  m_Enabled: 1
  serializedVersion: 2
  m_Height: 2
  m_Radius: 0.5
  m_SlopeLimit: 45
  m_StepOffset: 0.3
  m_SkinWidth: 0.08
  m_MinMoveDistance: 0.001
  m_Center: {x: 0, y: 1, z: 0}
--- !u!114 &8403029770569581348
MonoBehaviour:
  m_ObjectHideFlags: 0
  m_CorrespondingSourceObject: {fileID: 0}
  m_PrefabInstance: {fileID: 0}
  m_PrefabAsset: {fileID: 0}
  m_GameObject: {fileID: 8469243802032531553}
  m_Enabled: 1
  m_EditorHideFlags: 0
  m_Script: {fileID: 11500000, guid: d95b2762b579f82478d28d8914dd10bc, type: 3}
  m_Name: 
  m_EditorClassIdentifier: 
--- !u!114 &123317389
MonoBehaviour:
  m_ObjectHideFlags: 0
  m_CorrespondingSourceObject: {fileID: 0}
  m_PrefabInstance: {fileID: 0}
  m_PrefabAsset: {fileID: 0}
  m_GameObject: {fileID: 8469243802032531553}
  m_Enabled: 0
  m_EditorHideFlags: 0
  m_Script: {fileID: 11500000, guid: 63b371caf5c4aed4ba5a32375b280334, type: 3}
  m_Name: 
  m_EditorClassIdentifier: 
  _workshop: {fileID: 0}
  _characterModel: {fileID: 8977754045589260717}
  playerSettings: {fileID: 11400000, guid: f509c1ea3496ea24a830b541c28aabbf, type: 2}
  _pickUpObjectSlot: {fileID: 8469243801814863291}
  StartUp: {fileID: 0}
  PickedUpGameObject: {fileID: 0}
--- !u!114 &1978339652211686670
MonoBehaviour:
  m_ObjectHideFlags: 0
  m_CorrespondingSourceObject: {fileID: 0}
  m_PrefabInstance: {fileID: 0}
  m_PrefabAsset: {fileID: 0}
  m_GameObject: {fileID: 8469243802032531553}
  m_Enabled: 0
  m_EditorHideFlags: 0
  m_Script: {fileID: 11500000, guid: a7aae2865b56697478e64b0ca9fd1bf5, type: 3}
  m_Name: 
  m_EditorClassIdentifier: 
  _characterModel: {fileID: 8977754045589260717}
--- !u!1001 &1132249223268651172
PrefabInstance:
  m_ObjectHideFlags: 0
  serializedVersion: 2
  m_Modification:
    m_TransformParent: {fileID: 8469243802032531554}
    m_Modifications:
    - target: {fileID: -927199367670048503, guid: e6898b73cf640314a94a21bfbb3a8b0b,
        type: 3}
      propertyPath: m_Name
      value: Player_Beanie
      objectReference: {fileID: 0}
    - target: {fileID: -4216859302048453862, guid: e6898b73cf640314a94a21bfbb3a8b0b,
        type: 3}
      propertyPath: m_LocalPosition.x
      value: -0
      objectReference: {fileID: 0}
    - target: {fileID: -4216859302048453862, guid: e6898b73cf640314a94a21bfbb3a8b0b,
        type: 3}
      propertyPath: m_LocalPosition.y
      value: 0
      objectReference: {fileID: 0}
    - target: {fileID: -4216859302048453862, guid: e6898b73cf640314a94a21bfbb3a8b0b,
        type: 3}
      propertyPath: m_LocalPosition.z
      value: -0.16
      objectReference: {fileID: 0}
    - target: {fileID: -4216859302048453862, guid: e6898b73cf640314a94a21bfbb3a8b0b,
        type: 3}
      propertyPath: m_LocalRotation.x
      value: 0
      objectReference: {fileID: 0}
    - target: {fileID: -4216859302048453862, guid: e6898b73cf640314a94a21bfbb3a8b0b,
        type: 3}
      propertyPath: m_LocalRotation.y
      value: -0
      objectReference: {fileID: 0}
    - target: {fileID: -4216859302048453862, guid: e6898b73cf640314a94a21bfbb3a8b0b,
        type: 3}
      propertyPath: m_LocalRotation.z
      value: -0
      objectReference: {fileID: 0}
    - target: {fileID: -4216859302048453862, guid: e6898b73cf640314a94a21bfbb3a8b0b,
        type: 3}
      propertyPath: m_LocalRotation.w
      value: 1
      objectReference: {fileID: 0}
    - target: {fileID: -4216859302048453862, guid: e6898b73cf640314a94a21bfbb3a8b0b,
        type: 3}
      propertyPath: m_RootOrder
      value: 1
      objectReference: {fileID: 0}
    - target: {fileID: -4216859302048453862, guid: e6898b73cf640314a94a21bfbb3a8b0b,
        type: 3}
      propertyPath: m_LocalEulerAnglesHint.x
      value: 0
      objectReference: {fileID: 0}
    - target: {fileID: -4216859302048453862, guid: e6898b73cf640314a94a21bfbb3a8b0b,
        type: 3}
      propertyPath: m_LocalEulerAnglesHint.y
      value: 0
      objectReference: {fileID: 0}
    - target: {fileID: -4216859302048453862, guid: e6898b73cf640314a94a21bfbb3a8b0b,
        type: 3}
      propertyPath: m_LocalEulerAnglesHint.z
      value: 0
      objectReference: {fileID: 0}
    - target: {fileID: -6057140222963153312, guid: e6898b73cf640314a94a21bfbb3a8b0b,
        type: 3}
      propertyPath: m_Controller
      value: 
      objectReference: {fileID: 9100000, guid: 5c92d17fa584b5a4aa60d9dd7312da05, type: 2}
    - target: {fileID: -1504981713932161579, guid: e6898b73cf640314a94a21bfbb3a8b0b,
        type: 3}
      propertyPath: m_Materials.Array.data[1]
      value: 
      objectReference: {fileID: 2100000, guid: 9c97545f7b3fb19408381004467e2e4f, type: 2}
    - target: {fileID: -1504981713932161579, guid: e6898b73cf640314a94a21bfbb3a8b0b,
        type: 3}
      propertyPath: m_Materials.Array.data[3]
      value: 
      objectReference: {fileID: 2100000, guid: 0fad8705eb8f43d40b91b6505998a125, type: 2}
    - target: {fileID: -1504981713932161579, guid: e6898b73cf640314a94a21bfbb3a8b0b,
        type: 3}
      propertyPath: m_Materials.Array.data[0]
      value: 
      objectReference: {fileID: 2100000, guid: cc05c0a24eaed3f49a90609ddcd5203e, type: 2}
    m_RemovedComponents: []
  m_SourcePrefab: {fileID: 100100000, guid: e6898b73cf640314a94a21bfbb3a8b0b, type: 3}
--- !u!1 &8977754045589260717 stripped
GameObject:
  m_CorrespondingSourceObject: {fileID: -927199367670048503, guid: e6898b73cf640314a94a21bfbb3a8b0b,
    type: 3}
  m_PrefabInstance: {fileID: 1132249223268651172}
  m_PrefabAsset: {fileID: 0}
--- !u!4 &5389747063543724990 stripped
Transform:
  m_CorrespondingSourceObject: {fileID: -4216859302048453862, guid: e6898b73cf640314a94a21bfbb3a8b0b,
    type: 3}
  m_PrefabInstance: {fileID: 1132249223268651172}
  m_PrefabAsset: {fileID: 0}
--- !u!1001 &6386370134964040167
PrefabInstance:
  m_ObjectHideFlags: 0
  serializedVersion: 2
  m_Modification:
    m_TransformParent: {fileID: 5389747063543724990}
    m_Modifications:
    - target: {fileID: 1293336391459690, guid: fd64a30dd68aeee438e405bbfa47eb61, type: 3}
      propertyPath: m_Name
      value: Smoke03
      objectReference: {fileID: 0}
    - target: {fileID: 4313786072988970, guid: fd64a30dd68aeee438e405bbfa47eb61, type: 3}
      propertyPath: m_LocalPosition.x
      value: -0.015999898
      objectReference: {fileID: 0}
    - target: {fileID: 4313786072988970, guid: fd64a30dd68aeee438e405bbfa47eb61, type: 3}
      propertyPath: m_LocalPosition.y
      value: 0.19399999
      objectReference: {fileID: 0}
    - target: {fileID: 4313786072988970, guid: fd64a30dd68aeee438e405bbfa47eb61, type: 3}
      propertyPath: m_LocalPosition.z
      value: -0.8855399
      objectReference: {fileID: 0}
    - target: {fileID: 4313786072988970, guid: fd64a30dd68aeee438e405bbfa47eb61, type: 3}
      propertyPath: m_LocalRotation.x
      value: 1
      objectReference: {fileID: 0}
    - target: {fileID: 4313786072988970, guid: fd64a30dd68aeee438e405bbfa47eb61, type: 3}
      propertyPath: m_LocalRotation.y
      value: -0
      objectReference: {fileID: 0}
    - target: {fileID: 4313786072988970, guid: fd64a30dd68aeee438e405bbfa47eb61, type: 3}
      propertyPath: m_LocalRotation.z
      value: -0
      objectReference: {fileID: 0}
    - target: {fileID: 4313786072988970, guid: fd64a30dd68aeee438e405bbfa47eb61, type: 3}
      propertyPath: m_LocalRotation.w
      value: 0
      objectReference: {fileID: 0}
    - target: {fileID: 4313786072988970, guid: fd64a30dd68aeee438e405bbfa47eb61, type: 3}
      propertyPath: m_RootOrder
      value: 0
      objectReference: {fileID: 0}
    - target: {fileID: 4313786072988970, guid: fd64a30dd68aeee438e405bbfa47eb61, type: 3}
      propertyPath: m_LocalEulerAnglesHint.x
      value: 180
      objectReference: {fileID: 0}
    - target: {fileID: 4313786072988970, guid: fd64a30dd68aeee438e405bbfa47eb61, type: 3}
      propertyPath: m_LocalEulerAnglesHint.y
      value: 0
      objectReference: {fileID: 0}
    - target: {fileID: 4313786072988970, guid: fd64a30dd68aeee438e405bbfa47eb61, type: 3}
      propertyPath: m_LocalEulerAnglesHint.z
      value: 0
      objectReference: {fileID: 0}
    - target: {fileID: 198244604152945848, guid: fd64a30dd68aeee438e405bbfa47eb61,
        type: 3}
      propertyPath: InitialModule.startLifetime.scalar
      value: 1.18
      objectReference: {fileID: 0}
    - target: {fileID: 198244604152945848, guid: fd64a30dd68aeee438e405bbfa47eb61,
        type: 3}
      propertyPath: InitialModule.startSpeed.scalar
      value: 1.4
      objectReference: {fileID: 0}
    - target: {fileID: 198244604152945848, guid: fd64a30dd68aeee438e405bbfa47eb61,
        type: 3}
      propertyPath: InitialModule.startSize.scalar
      value: 10.11
      objectReference: {fileID: 0}
    - target: {fileID: 198244604152945848, guid: fd64a30dd68aeee438e405bbfa47eb61,
        type: 3}
      propertyPath: InitialModule.maxNumParticles
      value: 109
      objectReference: {fileID: 0}
    m_RemovedComponents: []
  m_SourcePrefab: {fileID: 100100000, guid: fd64a30dd68aeee438e405bbfa47eb61, type: 3}
